%% This BibTeX bibliography file was created using BibDesk.
%% http://bibdesk.sourceforge.net/


%% Created for Spencer Smith at 2017-11-10 06:27:41 -0500 


%% Saved with string encoding Unicode (UTF-8) 
@ARTICLE{IEEE1990,
author={IEEE},
journal={IEEE Std 610.12-1990},
title={IEEE Standard Glossary of Software Engineering Terminology},
year={1990},
volume={},
number={},
pages={1-84},
keywords={glossaries;software engineering;standards;IEEE Std 610.12-1990;standard glossary;software engineering terminology;Terminology;Software engineering;Standards;glossary;terminology;dictionary;Software engineering;Definitions},
doi={10.1109/IEEESTD.1990.101064},
ISSN={},
month={Dec},
url={https://ieeexplore.ieee.org/document/159342}
}

@book{Ghezzi1991,
  title={Fundamentals of software engineering},
  author={Ghezzi, Carlo and Jazayeri, Mehdi and Mandrioli, Dino},
  year={1991},
  publisher={Prentice Hall PTR}
}

@article{SmithEtAl2018,
author = {Smith, Spencer and Zeng, Zheng and Carette, Jacques},
year = {2018},
month = {02},
pages = {},
title = {Seismology software: state of the practice},
volume = {22},
journal = {Journal of Seismology},
doi = {10.1007/s10950-018-9731-3}
}

@techreport{ISO/IEC25010:2011,
    author = {ISO/IEC},
	key = {ISO/IEC 25010:2011},
	type = {Standard},
	month = {Mar},
	year = {2011},
	title = {ISO/IEC25010 - Systems and software engineering - Systems and software Quality Requirements and Evaluation (SQuaRE) - System and software quality models},
	institution = {International Organization for Standardization},
	url = {https://pdfs.semanticscholar.org/57a5/b99eceff9da205e244337c9f4678b5b23d25.pdf}
	}

@misc{Ferrari2018b,
  title = {Image segmentation},
  year = {2018},
  author = {Stefano Ferrari},
  howpublished = {\url{https://homes.di.unimi.it/ferrari/MethImageProc2018_19/MIP2018_19_16_segmentation_double.pdf}},
  note = {Accessed: 2019-10-10}
}

@misc{Ferrari2018a,
  title = {Introduction to the image processing},
  year = {2018},
  author = {Stefano Ferrari},
  howpublished = {\url{https://homes.di.unimi.it/ferrari/MethImageProc2018_19/MIP2018_19_01_introduction_double.pdf}},
  note = {Accessed: 2019-10-10}
}

@article{Forouzanfar2010,
title = "Parameter optimization of improved fuzzy c-means clustering algorithm for brain MR image segmentation",
journal = "Engineering Applications of Artificial Intelligence",
volume = "23",
number = "2",
pages = "160 - 168",
year = "2010",
issn = "0952-1976",
doi = "https://doi.org/10.1016/j.engappai.2009.10.002",
url = "http://www.sciencedirect.com/science/article/pii/S095219760900150X",
author = "Mohamad Forouzanfar and Nosratallah Forghani and Mohammad Teshnehlab",
keywords = "Magnetic resonance imaging (MRI), Image segmentation, Genetic algorithms (GAs), Particle swarm optimization (PSO), Breeding swarm (BS)",
}

@Inbook{Elnakib2011,
author="Elnakib, Ahmed
and Gimel'farb, Georgy
and Suri, Jasjit S.
and El-Baz, Ayman",
editor="El-Baz, Ayman S.
and Acharya U, Rajendra
and Laine, Andrew F.
and Suri, Jasjit S.",
title="Medical Image Segmentation: A Brief Survey",
bookTitle="Multi Modality State-of-the-Art Medical Image Segmentation and Registration Methodologies: Volume II",
year="2011",
publisher="Springer New York",
address="New York, NY",
pages="1--39",
isbn="978-1-4419-8204-9",
doi="10.1007/978-1-4419-8204-9_1",
url="https://link.springer.com/chapter/10.1007/978-1-4419-8204-9_1"
}

@article{Norouzi2014,
author = {Alireza Norouzi and Mohd Shafry Mohd Rahim and Ayman Altameem and Tanzila Saba and Abdolvahab Ehsani Rad and Amjad Rehman and Mueen Uddin},
title = {Medical Image Segmentation Methods, Algorithms, and Applications},
journal = {IETE Technical Review},
volume = {31},
number = {3},
pages = {199-213},
year  = {2014},
publisher = {Taylor & Francis},
doi = {10.1080/02564602.2014.906861},
URL = {https://www.tandfonline.com/doi/full/10.1080/02564602.2014.906861?scroll=top&needAccess=true},
eprint = {https://doi.org/10.1080/02564602.2014.906861}
}

@INPROCEEDINGS{Withey2007,
author={D. J. {Withey} and Z. J. {Koles}},
booktitle={2007 Joint Meeting of the 6th International Symposium on Noninvasive Functional Source Imaging of the Brain and Heart and the International Conference on Functional Biomedical Imaging},
title={Medical Image Segmentation: Methods and Software},
year={2007},
pages={140-143},
keywords={image segmentation;medical image processing;optimisation;medical image segmentation;algorithmic complexity;image analysis;intensity thresholds;region growing;uncertainty models;optimization methods;Biomedical imaging;Image segmentation;Pixel;Image edge detection;Uncertainty;Optimization methods;Image databases;Character generation;Biomedical engineering;Magnetic resonance},
doi={10.1109/NFSI-ICFBI.2007.4387709},
ISSN={},
month={Oct},
url={https://ieeexplore.ieee.org/abstract/document/4387709}
}

@article{Pham2000,
author = {Pham, Dzung L. and Xu, Chenyang and Prince, Jerry L.},
title = {Current Methods in Medical Image Segmentation},
journal = {Annual Review of Biomedical Engineering},
volume = {2},
number = {1},
pages = {315-337},
year = {2000},
doi = {10.1146/annurev.bioeng.2.1.315},
note ={PMID: 11701515},
URL = {https://www.annualreviews.org/doi/abs/10.1146/annurev.bioeng.2.1.315},
eprint = {https://doi.org/10.1146/annurev.bioeng.2.1.315},
}

@article{Pal1993,
title = "A review on image segmentation techniques",
journal = "Pattern Recognition",
volume = "26",
number = "9",
pages = "1277 - 1294",
year = "1993",
issn = "0031-3203",
doi = "https://doi.org/10.1016/0031-3203(93)90135-J",
url = "http://www.sciencedirect.com/science/article/pii/003132039390135J",
author = "Nikhil R Pal and Sankar K Pal",
keywords = "Image segmentation, Fuzzy sets, Thresholding, Edge detection, Clustering, Relaxation, Markov Random Field",
}

@article{Caselles1998,
 author = {Caselles, V. and Morel, J.},
 title = {Introduction To The Special Issue On Partial Differential Equations And Geometry-driven Diffusion In Image Processing And Analysis},
 journal = {Trans. Img. Proc.},
 issue_date = {March 1998},
 volume = {7},
 number = {3},
 month = mar,
 year = {1998},
 issn = {1057-7149},
 pages = {269--273},
 numpages = {5},
 url = {https://ieeexplore.ieee.org/stamp/stamp.jsp?tp=&arnumber=661176},
 doi = {10.1109/TIP.1998.661176},
 acmid = {2319493},
 publisher = {IEEE Press},
 address = {Piscataway, NJ, USA},
}

@article{Kim2011,
author = {Kim, Tae-Yun and Son, Jaebum and Kim, Kwanggi},
year = {2011},
month = {09},
pages = {143-9},
title = {The Recent Progress in Quantitative Medical Image Analysis for Computer Aided Diagnosis Systems},
volume = {17},
journal = {Healthcare informatics research},
doi = {10.4258/hir.2011.17.3.143},
url = {https://www.ncbi.nlm.nih.gov/pmc/articles/PMC3212740/}
}

@article{Parnas1972,
 author = {Parnas, D. L.},
 title = {On the Criteria to Be Used in Decomposing Systems into Modules},
 journal = {Commun. ACM},
 issue_date = {Dec. 1972},
 volume = {15},
 number = {12},
 month = dec,
 year = {1972},
 issn = {0001-0782},
 pages = {1053--1058},
 numpages = {6},
 url = {http://doi.acm.org/10.1145/361598.361623},
 doi = {10.1145/361598.361623},
 acmid = {361623},
 publisher = {ACM},
 address = {New York, NY, USA},
 keywords = {KWIC index, modularity, modules, software, software design, software engineering},
} 

@incollection{Bankman2000,
title = "Preface",
editor = "Isaac N. Bankman",
booktitle = "Handbook of Medical Imaging",
publisher = "Academic Press",
address = "San Diego",
pages = "xi - xii",
year = "2000",
series = "Biomedical Engineering",
isbn = "978-0-12-077790-7",
doi = "https://doi.org/10.1016/B978-012077790-7/50001-1",
url = "http://www.sciencedirect.com/science/article/pii/B9780120777907500011",
author = "Isaac N. Bankman"
}

@article{Angenent2006,
author = {Angenent, S. and Pichon, Eric and Tannenbaum, Allen},
year = {2006},
month = {07},
pages = {365-396},
title = {Mathematical methods in medical image processing},
volume = {43},
journal = {Bulletin (new series) of the American Mathematical Society},
doi = {10.1090/S0273-0979-06-01104-9},
url = {https://www.ncbi.nlm.nih.gov/pmc/articles/PMC3640423/}
}

@misc{ wiki:001,
    author = "{Wikipedia contributors}",
    title = "Medical image computing --- {Wikipedia}{,} The Free Encyclopedia",
    year = "2019",
    howpublished = "\url{https://en.wikipedia.org/w/index.php?title=Medical_image_computing&oldid=919534878}",
    note = "[Online; accessed 6-October-2019]"
  }

@book{GhezziEtAl2003,
	Address = {Upper Saddle River, NJ, USA},
	Author = {Carlo Ghezzi and Mehdi Jazayeri and Dino Mandrioli},
	Date-Added = {2017-11-10 11:27:31 +0000},
	Date-Modified = {2017-11-10 11:27:31 +0000},
	Edition = {2nd},
	Keywords = {software engineering},
	Publisher = {Prentice Hall},
	Title = {Fundamentals of Software Engineering},
	Year = {2003}}

@book{HoffmanAndStrooper1995,
	Address = {New York, NY, USA},
	Author = {Daniel M. Hoffman and Paul A. Strooper},
	Date-Added = {2017-11-10 11:27:24 +0000},
	Date-Modified = {2017-11-10 11:27:24 +0000},
	Local-Url = {file://localhost/Users/smiths/LongTermArchives/Work/Research/References/SoftwareEngineering/software-design-automated-testing.pdf},
	Publisher = {International Thomson Computer Press},
	Title = {Software Design, Automated Testing, and Maintenance: A Practical Approach},
	Url = {http:// citeseer.ist.psu.edu/428727.html},
	Year = {1995},
	Bdsk-File-1 = {YnBsaXN0MDDUAQIDBAUGJCVYJHZlcnNpb25YJG9iamVjdHNZJGFyY2hpdmVyVCR0b3ASAAGGoKgHCBMUFRYaIVUkbnVsbNMJCgsMDxJXTlMua2V5c1pOUy5vYmplY3RzViRjbGFzc6INDoACgAOiEBGABIAFgAdccmVsYXRpdmVQYXRoWWFsaWFzRGF0YV8QPC4uLy4uLy4uL3NlM3hhMy9SZWZlcmVuY2VNYXRlcmlhbC9Ib2ZmbWFuQW5kU3Ryb29wZXIxOTk1LnBkZtIXCxgZV05TLmRhdGFPEQHqAAAAAAHqAAIAAAxNYWNpbnRvc2ggSEQAAAAAAAAAAAAAAAAAAADOl3ODSCsAAAnHusUaSG9mZm1hbkFuZFN0cm9vcGVyMTk5NS5wZGYAAAAAAAAAAAAAAAAAAAAAAAAAAAAAAAAAAAAAAAAAAAAAAAAACgYWv9Q41tAAAAAAAAAAAAADAAMAAAkgAAAAAAAAAAAAAAAAAAAAEVJlZmVyZW5jZU1hdGVyaWFsAAAQAAgAAM6Xq8MAAAARAAgAANQ5DxAAAAABABQJx7rFCcYGMwASFacACPdmAAJkjgACAFhNYWNpbnRvc2ggSEQ6VXNlcnM6AHNtaXRoczoAUmVwb3M6AHNlM3hhMzoAUmVmZXJlbmNlTWF0ZXJpYWw6AEhvZmZtYW5BbmRTdHJvb3BlcjE5OTUucGRmAA4ANgAaAEgAbwBmAGYAbQBhAG4AQQBuAGQAUwB0AHIAbwBvAHAAZQByADEAOQA5ADUALgBwAGQAZgAPABoADABNAGEAYwBpAG4AdABvAHMAaAAgAEgARAASAEZVc2Vycy9zbWl0aHMvUmVwb3Mvc2UzeGEzL1JlZmVyZW5jZU1hdGVyaWFsL0hvZmZtYW5BbmRTdHJvb3BlcjE5OTUucGRmABMAAS8AABUAAgAN//8AAIAG0hscHR5aJGNsYXNzbmFtZVgkY2xhc3Nlc11OU011dGFibGVEYXRhox0fIFZOU0RhdGFYTlNPYmplY3TSGxwiI1xOU0RpY3Rpb25hcnmiIiBfEA9OU0tleWVkQXJjaGl2ZXLRJidUcm9vdIABAAgAEQAaACMALQAyADcAQABGAE0AVQBgAGcAagBsAG4AcQBzAHUAdwCEAI4AzQDSANoCyALKAs8C2gLjAvEC9QL8AwUDCgMXAxoDLAMvAzQAAAAAAAACAQAAAAAAAAAoAAAAAAAAAAAAAAAAAAADNg==},
	Bdsk-Url-1 = {http://%20citeseer.ist.psu.edu/428727.html}}

@techreport{SmithMcCutchanAndCarette2017,
	Author = {W. Spencer Smith and John McCutchan and Jacques Carette},
	Date-Added = {2017-09-14 19:16:56 +0000},
	Date-Modified = {2017-09-14 19:16:56 +0000},
	Institution = {McMaster University, Department of Computing and Software},
	Number = {CAS-17-01-SS},
	Title = {Commonality Analysis for a Family of Material Models},
	Type = {Technical Report},
	Year = {2017},
	Bdsk-File-1 = {YnBsaXN0MDDUAQIDBAUGJCVYJHZlcnNpb25YJG9iamVjdHNZJGFyY2hpdmVyVCR0b3ASAAGGoKgHCBMUFRYaIVUkbnVsbNMJCgsMDxJXTlMua2V5c1pOUy5vYmplY3RzViRjbGFzc6INDoACgAOiEBGABIAFgAdccmVsYXRpdmVQYXRoWWFsaWFzRGF0YV8QTi4uLy4uLy4uL09MRF9TVk4vbW1zY09MRF9TVk4vRmFtaWx5T2ZNYXRlcmlhbE1vZGVscy9GYW1pbHlPZk1hdGVyaWFsTW9kZWxzLnBkZtIXCxgZV05TLmRhdGFPEQIYAAAAAAIYAAIAAAxNYWNpbnRvc2ggSEQAAAAAAAAAAAAAAAAAAADOl3ODSCsAAAKR0H8aRmFtaWx5T2ZNYXRlcmlhbE1vZGVscy5wZGYAAAAAAAAAAAAAAAAAAAAAAAAAAAAAAAAAAAAAAAAAAAAAAAAAApHQ7NAhLREAAAAAAAAAAAADAAQAAAkgAAAAAAAAAAAAAAAAAAAAFkZhbWlseU9mTWF0ZXJpYWxNb2RlbHMAEAAIAADOl6vDAAAAEQAIAADQIWVRAAAAAQAYApHQfwKRxEwJMf6nABIVpwAI92YAAmSOAAIAa01hY2ludG9zaCBIRDpVc2VyczoAc21pdGhzOgBSZXBvczoAT0xEX1NWTjoAbW1zY09MRF9TVk46AEZhbWlseU9mTWF0ZXJpYWxNb2RlbHM6AEZhbWlseU9mTWF0ZXJpYWxNb2RlbHMucGRmAAAOADYAGgBGAGEAbQBpAGwAeQBPAGYATQBhAHQAZQByAGkAYQBsAE0AbwBkAGUAbABzAC4AcABkAGYADwAaAAwATQBhAGMAaQBuAHQAbwBzAGgAIABIAEQAEgBYVXNlcnMvc21pdGhzL1JlcG9zL09MRF9TVk4vbW1zY09MRF9TVk4vRmFtaWx5T2ZNYXRlcmlhbE1vZGVscy9GYW1pbHlPZk1hdGVyaWFsTW9kZWxzLnBkZgATAAEvAAAVAAIADf//AACABtIbHB0eWiRjbGFzc25hbWVYJGNsYXNzZXNdTlNNdXRhYmxlRGF0YaMdHyBWTlNEYXRhWE5TT2JqZWN00hscIiNcTlNEaWN0aW9uYXJ5oiIgXxAPTlNLZXllZEFyY2hpdmVy0SYnVHJvb3SAAQAIABEAGgAjAC0AMgA3AEAARgBNAFUAYABnAGoAbABuAHEAcwB1AHcAhACOAN8A5ADsAwgDCgMPAxoDIwMxAzUDPANFA0oDVwNaA2wDbwN0AAAAAAAAAgEAAAAAAAAAKAAAAAAAAAAAAAAAAAAAA3Y=}}

@inproceedings{SmithEtAl2008,
	Address = {Leipzig, Germany},
	Author = {W. Spencer Smith and John McCutchan and Jacques Carette},
	Booktitle = {Proceedings of the First International Workshop on Software Engineering for Computational Science and Engineering (SECSE 2008)},
	Date-Added = {2017-09-14 19:15:18 +0000},
	Date-Modified = {2017-09-14 19:15:18 +0000},
	Month = {May},
	Note = {8 pp},
	Organization = {In conjunction with the 30th International Conference on Software Engineering (ICSE)},
	Title = {Commonality Analysis of Families of Physical Models for use in Scientific Computing},
	Url = {http://www.cse.msstate.edu/~SECSE08/schedule.htm},
	Year = {2008},
	Bdsk-File-1 = {YnBsaXN0MDDUAQIDBAUGJCVYJHZlcnNpb25YJG9iamVjdHNZJGFyY2hpdmVyVCR0b3ASAAGGoKgHCBMUFRYaIVUkbnVsbNMJCgsMDxJXTlMua2V5c1pOUy5vYmplY3RzViRjbGFzc6INDoACgAOiEBGABIAFgAdccmVsYXRpdmVQYXRoWWFsaWFzRGF0YV8QPi4uLy4uLy4uL09MRF9TVk4vbW1zY09MRF9TVk4vU0VDU0UwOC9TbWl0aEV0QWxfQXNTdWJtaXR0ZWQucGRm0hcLGBlXTlMuZGF0YU8RAegAAAAAAegAAgAADE1hY2ludG9zaCBIRAAAAAAAAAAAAAAAAAAAAM6Xc4NIKwAAApHRBxlTbWl0aEV0QWxfQXNTdWJtaXR0ZWQucGRmAAAAAAAAAAAAAAAAAAAAAAAAAAAAAAAAAAAAAAAAAAAAAAAAAAACkdFu0CEtFAAAAAAAAAAAAAMABAAACSAAAAAAAAAAAAAAAAAAAAAHU0VDU0UwOAAAEAAIAADOl6vDAAAAEQAIAADQIWVUAAAAAQAYApHRBwKRxEwJMf6nABIVpwAI92YAAmSOAAIAW01hY2ludG9zaCBIRDpVc2VyczoAc21pdGhzOgBSZXBvczoAT0xEX1NWTjoAbW1zY09MRF9TVk46AFNFQ1NFMDg6AFNtaXRoRXRBbF9Bc1N1Ym1pdHRlZC5wZGYAAA4ANAAZAFMAbQBpAHQAaABFAHQAQQBsAF8AQQBzAFMAdQBiAG0AaQB0AHQAZQBkAC4AcABkAGYADwAaAAwATQBhAGMAaQBuAHQAbwBzAGgAIABIAEQAEgBIVXNlcnMvc21pdGhzL1JlcG9zL09MRF9TVk4vbW1zY09MRF9TVk4vU0VDU0UwOC9TbWl0aEV0QWxfQXNTdWJtaXR0ZWQucGRmABMAAS8AABUAAgAN//8AAIAG0hscHR5aJGNsYXNzbmFtZVgkY2xhc3Nlc11OU011dGFibGVEYXRhox0fIFZOU0RhdGFYTlNPYmplY3TSGxwiI1xOU0RpY3Rpb25hcnmiIiBfEA9OU0tleWVkQXJjaGl2ZXLRJidUcm9vdIABAAgAEQAaACMALQAyADcAQABGAE0AVQBgAGcAagBsAG4AcQBzAHUAdwCEAI4AzwDUANwCyALKAs8C2gLjAvEC9QL8AwUDCgMXAxoDLAMvAzQAAAAAAAACAQAAAAAAAAAoAAAAAAAAAAAAAAAAAAADNg==},
	Bdsk-Url-1 = {http://www.cse.msstate.edu/~SECSE08/schedule.htm}}

@inproceedings{Smith2006,
	Address = {Minneapolis / St.\ Paul, Minnesota},
	Author = {W. Spencer Smith},
	Booktitle = {Proceedings of the 14th IEEE International Requirements Engineering Conference, RE 2006},
	Date-Added = {2017-09-14 19:15:09 +0000},
	Date-Modified = {2017-09-14 19:15:09 +0000},
	Local-Url = {/Users/smiths/Work/Research/Papers/RE_2006/Smith2006_VersionAsPublished.pdf},
	Pages = {209--218},
	Title = {Systematic Development of Requirements Documentation for General Purpose Scientific Computing Software},
	Url = {http://www.ifi.unizh.ch/req/events/RE06/},
	Year = {2006},
	Bdsk-File-1 = {YnBsaXN0MDDUAQIDBAUGJCVYJHZlcnNpb25YJG9iamVjdHNZJGFyY2hpdmVyVCR0b3ASAAGGoKgHCBMUFRYaIVUkbnVsbNMJCgsMDxJXTlMua2V5c1pOUy5vYmplY3RzViRjbGFzc6INDoACgAOiEBGABIAFgAdccmVsYXRpdmVQYXRoWWFsaWFzRGF0YV8QSS4uLy4uLy4uLy4uL1dvcmsvUmVzZWFyY2gvUGFwZXJzL1JFXzIwMDYvU21pdGgyMDA2X1ZlcnNpb25Bc1B1Ymxpc2hlZC5wZGbSFwsYGVdOUy5kYXRhTxEB+AAAAAAB+AACAAAMTWFjaW50b3NoIEhEAAAAAAAAAAAAAAAAAAAAzpdzg0grAAAAFwtsH1NtaXRoMjAwNl9WZXJzaW9uQXNQIzE3ODg5Mi5wZGYAAAAAAAAAAAAAAAAAAAAAAAAAAAAAAAAAAAAAAAAAAAAXiJLPIuEzUERGIENBUk8ABAAFAAAJIAAAAAAAAAAAAAAAAAAAAAdSRV8yMDA2AAAQAAgAAM6Xq8MAAAARAAgAAM8jJ4MAAAABABgAFwtsABcCCwAXAE0AFv3tAAj3ZgACZI4AAgBcTWFjaW50b3NoIEhEOlVzZXJzOgBzbWl0aHM6AFdvcms6AFJlc2VhcmNoOgBQYXBlcnM6AFJFXzIwMDY6AFNtaXRoMjAwNl9WZXJzaW9uQXNQIzE3ODg5Mi5wZGYADgBCACAAUwBtAGkAdABoADIAMAAwADYAXwBWAGUAcgBzAGkAbwBuAEEAcwBQAHUAYgBsAGkAcwBoAGUAZAAuAHAAZABmAA8AGgAMAE0AYQBjAGkAbgB0AG8AcwBoACAASABEABIASlVzZXJzL3NtaXRocy9Xb3JrL1Jlc2VhcmNoL1BhcGVycy9SRV8yMDA2L1NtaXRoMjAwNl9WZXJzaW9uQXNQdWJsaXNoZWQucGRmABMAAS8AABUAAgAN//8AAIAG0hscHR5aJGNsYXNzbmFtZVgkY2xhc3Nlc11OU011dGFibGVEYXRhox0fIFZOU0RhdGFYTlNPYmplY3TSGxwiI1xOU0RpY3Rpb25hcnmiIiBfEA9OU0tleWVkQXJjaGl2ZXLRJidUcm9vdIABAAgAEQAaACMALQAyADcAQABGAE0AVQBgAGcAagBsAG4AcQBzAHUAdwCEAI4A2gDfAOcC4wLlAuoC9QL+AwwDEAMXAyADJQMyAzUDRwNKA08AAAAAAAACAQAAAAAAAAAoAAAAAAAAAAAAAAAAAAADUQ==},
	Bdsk-Url-1 = {http://www.ifi.unizh.ch/req/events/RE06/}}

@article{SmithEtAl2007,
	Author = {W. Spencer Smith and Lei Lai and Ridha Khedri},
	Date-Added = {2017-09-14 15:47:22 +0000},
	Date-Modified = {2017-09-14 15:47:22 +0000},
	Journal = {Reliable Computing, Special Issue on Reliable Engineering Computation},
	Local-Url = {/Users/smiths/Work/Research/Papers/ReliableComputing/SmithLaiAndKhedri2007fulltext.pdf},
	Month = {February},
	Number = {1},
	Pages = {83--107},
	Title = {Requirements Analysis for Engineering Computation: A Systematic Approach for Improving Software Reliability},
	Volume = {13},
	Year = {2007},
	Bdsk-File-1 = {YnBsaXN0MDDUAQIDBAUGJCVYJHZlcnNpb25YJG9iamVjdHNZJGFyY2hpdmVyVCR0b3ASAAGGoKgHCBMUFRYaIVUkbnVsbNMJCgsMDxJXTlMua2V5c1pOUy5vYmplY3RzViRjbGFzc6INDoACgAOiEBGABIAFgAdccmVsYXRpdmVQYXRoWWFsaWFzRGF0YV8QSC4uLy4uLy4uL3NlNHNjL1NjaUNvbXBBbmRTb2Z0RW5nUGFwZXJzL1NtaXRoTGFpQW5kS2hlZHJpMjAwN2Z1bGx0ZXh0LnBkZtIXCxgZV05TLmRhdGFPEQIUAAAAAAIUAAIAAAxNYWNpbnRvc2ggSEQAAAAAAAAAAAAAAAAAAADOl3ODSCsAAAkx/Q0fU21pdGhMYWlBbmRLaGVkcmkyMCM5MzFGRDYwLnBkZgAAAAAAAAAAAAAAAAAAAAAAAAAAAAAAAAAAAAAAAAAACTH9YNNvBNMAAAAAAAAAAAADAAMAAAkgAAAAAAAAAAAAAAAAAAAAF1NjaUNvbXBBbmRTb2Z0RW5nUGFwZXJzAAAQAAgAAM6Xq8MAAAARAAgAANNvPRMAAAABABQJMf0NCTHuxwASFacACPdmAAJkjgACAGJNYWNpbnRvc2ggSEQ6VXNlcnM6AHNtaXRoczoAUmVwb3M6AHNlNHNjOgBTY2lDb21wQW5kU29mdEVuZ1BhcGVyczoAU21pdGhMYWlBbmRLaGVkcmkyMCM5MzFGRDYwLnBkZgAOAEQAIQBTAG0AaQB0AGgATABhAGkAQQBuAGQASwBoAGUAZAByAGkAMgAwADAANwBmAHUAbABsAHQAZQB4AHQALgBwAGQAZgAPABoADABNAGEAYwBpAG4AdABvAHMAaAAgAEgARAASAFJVc2Vycy9zbWl0aHMvUmVwb3Mvc2U0c2MvU2NpQ29tcEFuZFNvZnRFbmdQYXBlcnMvU21pdGhMYWlBbmRLaGVkcmkyMDA3ZnVsbHRleHQucGRmABMAAS8AABUAAgAN//8AAIAG0hscHR5aJGNsYXNzbmFtZVgkY2xhc3Nlc11OU011dGFibGVEYXRhox0fIFZOU0RhdGFYTlNPYmplY3TSGxwiI1xOU0RpY3Rpb25hcnmiIiBfEA9OU0tleWVkQXJjaGl2ZXLRJidUcm9vdIABAAgAEQAaACMALQAyADcAQABGAE0AVQBgAGcAagBsAG4AcQBzAHUAdwCEAI4A2QDeAOYC/gMAAwUDEAMZAycDKwMyAzsDQANNA1ADYgNlA2oAAAAAAAACAQAAAAAAAAAoAAAAAAAAAAAAAAAAAAADbA==},
	Bdsk-File-2 = {YnBsaXN0MDDUAQIDBAUGJCVYJHZlcnNpb25YJG9iamVjdHNZJGFyY2hpdmVyVCR0b3ASAAGGoKgHCBMUFRYaIVUkbnVsbNMJCgsMDxJXTlMua2V5c1pOUy5vYmplY3RzViRjbGFzc6INDoACgAOiEBGABIAFgAdccmVsYXRpdmVQYXRoWWFsaWFzRGF0YV8QVC4uLy4uLy4uLy4uL1dvcmsvUmVzZWFyY2gvUGFwZXJzL1JlbGlhYmxlQ29tcHV0aW5nL1NtaXRoTGFpQW5kS2hlZHJpMjAwN2Z1bGx0ZXh0LnBkZtIXCxgZV05TLmRhdGFPEQIaAAAAAAIaAAIAAAxNYWNpbnRvc2ggSEQAAAAAAAAAAAAAAAAAAADOl3ODSCsAAAAXC24fU21pdGhMYWlBbmRLaGVkcmkyMDAjMTc4ODYzLnBkZgAAAAAAAAAAAAAAAAAAAAAAAAAAAAAAAAAAAAAAAAAAABeIY88i4TNQREYgQ0FSTwAEAAUAAAkgAAAAAAAAAAAAAAAAAAAAEVJlbGlhYmxlQ29tcHV0aW5nAAAQAAgAAM6Xq8MAAAARAAgAAM8jJ4MAAAABABgAFwtuABcCCwAXAE0AFv3tAAj3ZgACZI4AAgBmTWFjaW50b3NoIEhEOlVzZXJzOgBzbWl0aHM6AFdvcms6AFJlc2VhcmNoOgBQYXBlcnM6AFJlbGlhYmxlQ29tcHV0aW5nOgBTbWl0aExhaUFuZEtoZWRyaTIwMCMxNzg4NjMucGRmAA4ARAAhAFMAbQBpAHQAaABMAGEAaQBBAG4AZABLAGgAZQBkAHIAaQAyADAAMAA3AGYAdQBsAGwAdABlAHgAdAAuAHAAZABmAA8AGgAMAE0AYQBjAGkAbgB0AG8AcwBoACAASABEABIAVVVzZXJzL3NtaXRocy9Xb3JrL1Jlc2VhcmNoL1BhcGVycy9SZWxpYWJsZUNvbXB1dGluZy9TbWl0aExhaUFuZEtoZWRyaTIwMDdmdWxsdGV4dC5wZGYAABMAAS8AABUAAgAN//8AAIAG0hscHR5aJGNsYXNzbmFtZVgkY2xhc3Nlc11OU011dGFibGVEYXRhox0fIFZOU0RhdGFYTlNPYmplY3TSGxwiI1xOU0RpY3Rpb25hcnmiIiBfEA9OU0tleWVkQXJjaGl2ZXLRJidUcm9vdIABAAgAEQAaACMALQAyADcAQABGAE0AVQBgAGcAagBsAG4AcQBzAHUAdwCEAI4A5QDqAPIDEAMSAxcDIgMrAzkDPQNEA00DUgNfA2IDdAN3A3wAAAAAAAACAQAAAAAAAAAoAAAAAAAAAAAAAAAAAAADfg==}}

@inproceedings{SmithAndLai2005,
	Address = {Paris, France},
	Author = {W. Spencer Smith and Lei Lai},
	Booktitle = {Proceedings of the First International Workshop on Situational Requirements Engineering Processes -- Methods, Techniques and Tools to Support Situation-Specific Requirements Engineering Processes, SREP'05},
	Date-Added = {2017-09-14 15:47:18 +0000},
	Date-Modified = {2017-09-14 15:47:18 +0000},
	Editor = {J. Ralyt\'{e} and P. \.{A}gerfalk and N. Kraiem},
	Local-Url = {file://localhost/Users/smiths/Work/Research/Papers/SREP05/SREP05_ReformatAndRevise/SmithAndLai_2005.pdf},
	Organization = {In conjunction with 13th IEEE International Requirements Engineering Conference},
	Pages = {107--121},
	Title = {A New Requirements Template for Scientific Computing},
	Year = {2005},
	Bdsk-File-1 = {YnBsaXN0MDDUAQIDBAUGJCVYJHZlcnNpb25YJG9iamVjdHNZJGFyY2hpdmVyVCR0b3ASAAGGoKgHCBMUFRYaIVUkbnVsbNMJCgsMDxJXTlMua2V5c1pOUy5vYmplY3RzViRjbGFzc6INDoACgAOiEBGABIAFgAdccmVsYXRpdmVQYXRoWWFsaWFzRGF0YV8QVS4uLy4uLy4uLy4uL1dvcmsvUmVzZWFyY2gvUGFwZXJzL1NSRVAwNS9TUkVQMDVfUmVmb3JtYXRBbmRSZXZpc2UvU21pdGhBbmRMYWlfMjAwNS5wZGbSFwsYGVdOUy5kYXRhTxECDgAAAAACDgACAAAMTWFjaW50b3NoIEhEAAAAAAAAAAAAAAAAAAAAzpdzg0grAAAAF0DvFFNtaXRoQW5kTGFpXzIwMDUucGRmAAAAAAAAAAAAAAAAAAAAAAAAAAAAAAAAAAAAAAAAAAAAAAAAAAAAAAAAAAAXntPPIuJUAAAAAAAAAAAABAAGAAAJIAAAAAAAAAAAAAAAAAAAABhTUkVQMDVfUmVmb3JtYXRBbmRSZXZpc2UAEAAIAADOl6vDAAAAEQAIAADPIyikAAAAAQAcABdA7wAXC3oAFwILABcATQAW/e0ACPdmAAJkjgACAGpNYWNpbnRvc2ggSEQ6VXNlcnM6AHNtaXRoczoAV29yazoAUmVzZWFyY2g6AFBhcGVyczoAU1JFUDA1OgBTUkVQMDVfUmVmb3JtYXRBbmRSZXZpc2U6AFNtaXRoQW5kTGFpXzIwMDUucGRmAA4AKgAUAFMAbQBpAHQAaABBAG4AZABMAGEAaQBfADIAMAAwADUALgBwAGQAZgAPABoADABNAGEAYwBpAG4AdABvAHMAaAAgAEgARAASAFZVc2Vycy9zbWl0aHMvV29yay9SZXNlYXJjaC9QYXBlcnMvU1JFUDA1L1NSRVAwNV9SZWZvcm1hdEFuZFJldmlzZS9TbWl0aEFuZExhaV8yMDA1LnBkZgATAAEvAAAVAAIADf//AACABtIbHB0eWiRjbGFzc25hbWVYJGNsYXNzZXNdTlNNdXRhYmxlRGF0YaMdHyBWTlNEYXRhWE5TT2JqZWN00hscIiNcTlNEaWN0aW9uYXJ5oiIgXxAPTlNLZXllZEFyY2hpdmVy0SYnVHJvb3SAAQAIABEAGgAjAC0AMgA3AEAARgBNAFUAYABnAGoAbABuAHEAcwB1AHcAhACOAOYA6wDzAwUDBwMMAxcDIAMuAzIDOQNCA0cDVANXA2kDbANxAAAAAAAAAgEAAAAAAAAAKAAAAAAAAAAAAAAAAAAAA3M=}}

@book{RobertsonAndRobertson2012,
	Author = {James Robertson and Suzanne Robertson},
	Date-Added = {2016-09-22 13:54:40 +0000},
	Date-Modified = {2016-09-22 14:01:42 +0000},
	Edition = {16},
	Publisher = {Atlantic Systems Guild Limited},
	Title = {Volere Requirements Specification Template},
	Year = {2012}}

@article{ParnasAndClements1986,
	Author = {David L. Parnas and P.C. Clements},
	Date-Added = {2016-09-10 13:11:57 +0000},
	Date-Modified = {2016-09-10 13:11:57 +0000},
	Journal = {IEEE Transactions on Software Engineering},
	Number = {2},
	Pages = {251--257},
	Title = {A Rational Design Process: How and Why to Fake it},
	Volume = {12},
	Year = {February 1986},
	Bdsk-File-1 = {YnBsaXN0MDDUAQIDBAUGJCVYJHZlcnNpb25YJG9iamVjdHNZJGFyY2hpdmVyVCR0b3ASAAGGoKgHCBMUFRYaIVUkbnVsbNMJCgsMDxJXTlMua2V5c1pOUy5vYmplY3RzViRjbGFzc6INDoACgAOiEBGABIAFgAdccmVsYXRpdmVQYXRoWWFsaWFzRGF0YV8QQC4uLy4uLy4uL3NlNHNjL1NjaUNvbXBBbmRTb2Z0RW5nUGFwZXJzL1Bhcm5hc0FuZENsZW1lbnRzMTk4Ni5wZGbSFwsYGVdOUy5kYXRhTxEB9gAAAAAB9gACAAAMTWFjaW50b3NoIEhEAAAAAAAAAAAAAAAAAAAAzpdzg0grAAAJMf0NGVBhcm5hc0FuZENsZW1lbnRzMTk4Ni5wZGYAAAAAAAAAAAAAAAAAAAAAAAAAAAAAAAAAAAAAAAAAAAAAAAAAAAkx/UPTbwTTAAAAAAAAAAAAAwADAAAJIAAAAAAAAAAAAAAAAAAAABdTY2lDb21wQW5kU29mdEVuZ1BhcGVycwAAEAAIAADOl6vDAAAAEQAIAADTbz0TAAAAAQAUCTH9DQkx7scAEhWnAAj3ZgACZI4AAgBcTWFjaW50b3NoIEhEOlVzZXJzOgBzbWl0aHM6AFJlcG9zOgBzZTRzYzoAU2NpQ29tcEFuZFNvZnRFbmdQYXBlcnM6AFBhcm5hc0FuZENsZW1lbnRzMTk4Ni5wZGYADgA0ABkAUABhAHIAbgBhAHMAQQBuAGQAQwBsAGUAbQBlAG4AdABzADEAOQA4ADYALgBwAGQAZgAPABoADABNAGEAYwBpAG4AdABvAHMAaAAgAEgARAASAEpVc2Vycy9zbWl0aHMvUmVwb3Mvc2U0c2MvU2NpQ29tcEFuZFNvZnRFbmdQYXBlcnMvUGFybmFzQW5kQ2xlbWVudHMxOTg2LnBkZgATAAEvAAAVAAIADf//AACABtIbHB0eWiRjbGFzc25hbWVYJGNsYXNzZXNdTlNNdXRhYmxlRGF0YaMdHyBWTlNEYXRhWE5TT2JqZWN00hscIiNcTlNEaWN0aW9uYXJ5oiIgXxAPTlNLZXllZEFyY2hpdmVy0SYnVHJvb3SAAQAIABEAGgAjAC0AMgA3AEAARgBNAFUAYABnAGoAbABuAHEAcwB1AHcAhACOANEA1gDeAtgC2gLfAuoC8wMBAwUDDAMVAxoDJwMqAzwDPwNEAAAAAAAAAgEAAAAAAAAAKAAAAAAAAAAAAAAAAAAAA0Y=}}
